@article{fawcett_requirements_1996,
	title = {On the Requirements for a Metaparadigm: An Invitation to Dialogue Commentary},
	volume = {9},
	issn = {0894-3184, 1552-7409},
	url = {http://nsq.sagepub.com.ezproxy.library.uvic.ca/content/9/3/94},
	doi = {10.1177/089431849600900305},
	shorttitle = {On the Requirements for a Metaparadigm},
	pages = {94--97},
	number = {3},
	journaltitle = {Nursing Science Quarterly},
	shortjournal = {Nurs Sci Q},
	author = {Fawcett, Jacqueline},
	urldate = {2015-02-22},
	date = {1996-07-01},
	langid = {english},
	pmid = {8850982},
	file = {Fawcett - 1996 - On the Requirements for a Metaparadigm An Invitat.pdf:/Users/sdiemert/Library/Application Support/Firefox/Profiles/wahfewao.default/zotero/storage/6K5RJV5M/Fawcett - 1996 - On the Requirements for a Metaparadigm An Invitat.pdf:application/pdf;Snapshot:/Users/sdiemert/Library/Application Support/Firefox/Profiles/wahfewao.default/zotero/storage/SKGC4597/94.html:text/html}
}
